<record><leader>00000cas a22000007a 4500</leader><controlfield tag="001">10001400</controlfield><controlfield tag="008">831011d18421849nyuwr ne      0    0eng d</controlfield><datafield ind1=" " ind2=" " tag="010"><subfield code="a">sn 83031853 </subfield></datafield><datafield ind1=" " ind2=" " tag="040"><subfield code="a">NPU</subfield><subfield code="b">eng</subfield><subfield code="c">NPU</subfield><subfield code="d">NPX</subfield><subfield code="d">OCL</subfield><subfield code="d">NYS</subfield><subfield code="d">OCL</subfield><subfield code="d">OCLCG</subfield><subfield code="d">KRTAS</subfield><subfield code="d">OCLCQ</subfield><subfield code="d">OCLCF</subfield><subfield code="d">OCLCO</subfield></datafield><datafield ind1=" " ind2=" " tag="012"><subfield code="b">3</subfield></datafield><datafield ind1=" " ind2=" " tag="019"><subfield code="a">2263529</subfield></datafield><datafield ind1="1" ind2=" " tag="029"><subfield code="a">AU@</subfield><subfield code="b">000020127867</subfield></datafield><datafield ind1=" " ind2=" " tag="042"><subfield code="a">msc</subfield></datafield><datafield ind1=" " ind2=" " tag="043"><subfield code="a">n-us-ny</subfield></datafield><datafield ind1="0" ind2=" " tag="130"><subfield code="a">Liberty press (Utica, N.Y.)</subfield></datafield><datafield ind1="1" ind2="4" tag="245"><subfield code="a">The liberty press.</subfield></datafield><datafield ind1="3" ind2="0" tag="246"><subfield code="a">Utica liberty press</subfield></datafield><datafield ind1=" " ind2=" " tag="260"><subfield code="a">Utica, N.Y. :</subfield><subfield code="b">Wesley Bailey,</subfield><subfield code="c">1842-</subfield></datafield><datafield ind1=" " ind2=" " tag="300"><subfield code="a">v. ;</subfield><subfield code="c">58 cm.</subfield></datafield><datafield ind1=" " ind2=" " tag="310"><subfield code="a">Weekly</subfield></datafield><datafield ind1="0" ind2=" " tag="362"><subfield code="a">Vol. 1, no. 1 (Nov. 15, 1842)-</subfield></datafield><datafield ind1="1" ind2=" " tag="362"><subfield code="a">Ceased in 1849.</subfield><subfield code="z">Cf. French, J.H. Gazetteer of the state of N.Y., 1860.</subfield></datafield><datafield ind1=" " ind2=" " tag="500"><subfield code="a">"Anti-Slavery."</subfield></datafield><datafield ind1=" " ind2=" " tag="500"><subfield code="a">Supported Liberty Party; James G. Birney for president.</subfield></datafield><datafield ind1=" " ind2=" " tag="500"><subfield code="a">Published as: Utica liberty press, Nov. 11, 1847; Feb. 10, Mar. 2-16, May 25-June 1,15-22, Nov. 2, 1848.</subfield></datafield><datafield ind1=" " ind2=" " tag="500"><subfield code="a">Printer: Henry H. Curtiss, &lt;1844&gt;.</subfield></datafield><datafield ind1=" " ind2=" " tag="500"><subfield code="a">Editors: James Caleb Jackson, 1842-1843; Wesley Bailey, 1843-&lt;1844&gt;.</subfield></datafield><datafield ind1=" " ind2="0" tag="651"><subfield code="a">Utica (N.Y.)</subfield><subfield code="v">Newspapers.</subfield></datafield><datafield ind1=" " ind2="0" tag="651"><subfield code="a">Oneida County (N.Y.)</subfield><subfield code="v">Newspapers.</subfield></datafield><datafield ind1=" " ind2="7" tag="655"><subfield code="a">Newspapers.</subfield><subfield code="2">fast</subfield><subfield code="0">(OCoLC)fst01423814</subfield></datafield><datafield ind1=" " ind2="7" tag="651"><subfield code="a">New York (State)</subfield><subfield code="z">Oneida County.</subfield><subfield code="2">fast</subfield><subfield code="0">(OCoLC)fst01209049</subfield></datafield><datafield ind1=" " ind2="7" tag="651"><subfield code="a">New York (State)</subfield><subfield code="z">Utica.</subfield><subfield code="2">fast</subfield><subfield code="0">(OCoLC)fst01207805</subfield></datafield><datafield ind1="1" ind2=" " tag="700"><subfield code="a">Birney, James Gillespie,</subfield><subfield code="d">1792-1857.</subfield></datafield><datafield ind1=" " ind2=" " tag="752"><subfield code="a">United States</subfield><subfield code="b">New York</subfield><subfield code="c">Oneida</subfield><subfield code="d">Utica.</subfield></datafield><datafield ind1="0" ind2="4" tag="780"><subfield code="t">Friend of man (Utica, N.Y.)</subfield><subfield code="w">(DLC)sn 83031840</subfield><subfield code="w">(OCoLC)4657838</subfield></datafield><datafield ind1="0" ind2="4" tag="780"><subfield code="t">Abolitionist (Cazenovia, N.Y.)</subfield><subfield code="w">(DLC)sn 86053208</subfield><subfield code="w">(OCoLC)13353152</subfield></datafield><datafield ind1=" " ind2=" " tag="938"><subfield code="a">Kirtas Technologies, Inc.</subfield><subfield code="b">KRTS</subfield><subfield code="n">737545</subfield></datafield></record>